
@article{Schwabe2022,
  doi = {10.1080/1744666x.2022.2060204},
  url = {https://doi.org/10.1080/1744666x.2022.2060204},
  year = {2022},
  month = apr,
  publisher = {Informa {UK} Limited},
  volume = {18},
  number = {5},
  pages = {533--543},
  author = {Christian Schwabe and Andras Illes and Martin Ullmann and Vishal Ghori and Emmanuelle Vincent and Corinne Petit-Frere and Joelle Monnet and Anne Sophie Racault and Chris Wynne},
  title = {Pharmacokinetics and pharmacodynamics of a proposed tocilizumab biosimilar {MSB}11456 versus both the {US}-licensed and {EU}-approved products: a randomized,  double-blind trial},
  journal = {Expert Review of Clinical Immunology}
}


@article{ICHE9,
	 title  = {Statistical Principles for Clinical Trials: ICH Harmonized Tripartite Guideline},
  author = {{ICH E9 Expert Working Group}},
  year   =  {1999},
  volume =  {18},
  pages  = {1905--1942},
  journal = {Statistics in Medicine}
}